@article{aleluya2018decision,
  title={Decision-making system of soccer-playing robots using finite state machine based on skill hierarchy and path planning through bezier polynomials},
  author={Aleluya, Earl Ryan M and Zamayla, Arnel D and Tamula, Shayne Lyle M},
  journal={Procedia Computer Science},
  volume={135},
  pages={230--237},
  year={2018},
  publisher={Elsevier}
}